@online{docker,
	author = {Docker},
	title = {C{I}/{CD}},
	url = {https://www.docker.com/use-cases/cicd},
	organization = {Docker},
	year = {2017},
	urldate = {November 26th 2017},
}

@online{aws-agent,
	author = {AWS},
	title = {Amazon {ECS} Container Agent},
	url = {http://docs.aws.amazon.com/AmazonECS/latest/developerguide/ECS_agent.html},
	organization = {AWS},
	year = {2017},
	urldate = {November 26th 2017},
}

@online{aws-instance,
	author = {AWS},
	title = {Amazon E{CS} Container Instance IAM Role},
	url = {http://docs.aws.amazon.com/AmazonECS/latest/developerguide/instance_IAM_role.html},
	organization = {AWS},
	year = {2017},
	urldate = {November 26th 2017},
}

@online{github,
	author = {GitHub},
	title = {Git{H}ub's {IP} addresses},
	url = {https://help.github.com/articles/github-s-ip-addresses/},
	organization = {GitHub},
	year = {2017},
	urldate = {November 26th 2017},
}

@online{jenkins,
	author = {Jenkins},
	title = {Jenkins},
	titleaddon = {Build great things at any scale},
	url = {https://jenkins.io/},
	year = {2017},
	urldate = {2017-10-25}
}

@online{ecs,
	author = {AWS},
	title = {Amazon {E}lastic {C}ontainer {S}ervice},
	url = {https://aws.amazon.com/ecs/},
	subtitle = {Run containerized applications in production},
	year = {2017},
	urldate = {November 26th 2017},
}

@online{iam,
	author = {AWS},
	title = {What is IAM},
	url = {http://docs.aws.amazon.com/IAM/latest/UserGuide/introduction.html},
	year = {2017},
	urldate = {November 26th 2017},
}

@online{pittet,
	author = {Pittet, Sten},
	title = {Continuous integration vs. continuous delivery vs. continuous deployment},
	url = {https://www.atlassian.com/continuous-delivery/ci-vs-ci-vs-cd},
	organization = {Atlasian},
	year = {2017},
	urldate = {November 26th 2017},,
}

@online{ellingwood,
	author = {Ellingwood, Justin},
	title = {An Introduction to Continuous Integration, Delivery, and Deployment},
	date = {May 10th 2017},
	url = {https://www.digitalocean.com/community/tutorials/an-introduction-to-continuous-integration-delivery-and-deployment},
	organization = {Digital Ocean},
	date = {10},
	month = {May},
	year = {2017},
	urldate = {November 26th 2017},
}

@online{ramos,
	author = {Ramos, Marcia},
	title = {Continuous Integration, Delivery, and Deployment with GitLab},
	date = {August 6th 2016},
	url = {https://about.gitlab.com/2016/08/05/continuous-integration-delivery-and-deployment-with-gitlab/},
	subtitle = {CI/CD: faster from idea to production with GitLab!},
	organization = {GitLab},
	date = {06},
	month = {08},
	year = {2016},
	urldate = {November 26th 2017},
}


